@article{shannon1948mathematical,
	title={A mathematical theory of communication},
	author={Shannon, Claude E},
	journal={Bell system technical journal},
	volume={27},
	number={3},
	pages={379--423},
	year={1948},
	publisher={Wiley Online Library}
}

@article{parekar2014lossless,
  title={Lossless data compression algorithm--a review},
  author={Parekar, PM and Thakare, SS},
  journal={International Journal of Computer Science \& Information Technologies},
  volume={5},
  number={1},
  year={2014},
  publisher={Citeseer}
}

@article{yellamma2012performance,
	title={Performance Analysis of Different Data Compression Techniques On Text File},
	author={Yellamma, P and Challa, Narasimham},
	journal={International Journal of Engineering Research \& Technology (IJERT)},
	volume={1},
	number={8},
	pages={1--6},
	year={2012}
}

@article{fitriya2017review,
	title={A review of data compression techniques},
	author={Fitriya, L Anjar and Purboyo, Tito Waluyo and Prasasti, Anggunmeka Luhur},
	journal={International Journal of Applied Engineering Research},
	volume={12},
	number={19},
	pages={8956--8963},
	year={2017}
}